
		<record>
			<header>
				<identifier>oai:aleph-nkp.cz:AUT10-000000005</identifier>
				<datestamp>2012-06-30T22:26:40Z</datestamp>
				<setSpec>AUT</setSpec>
			</header>
			<metadata>
				<marc:record xmlns:marc="http://www.loc.gov/MARC21/slim"
					xmlns:xsi="http://www.w3.org/2001/XMLSchema-instance"
					xsi:schemaLocation="http://www.loc.gov/MARC21/slim
http://www.loc.gov/standards/marcxml/schema/MARC21slim.xsd">
					<marc:leader>     cz  a22     n  4500</marc:leader>
					<marc:controlfield tag="001">jk01010005</marc:controlfield>
					<marc:controlfield tag="003">CZ PrNK</marc:controlfield>
					<marc:controlfield tag="005">20090303110540.0</marc:controlfield>
					<marc:controlfield tag="008">000622|n|acnnnaabn           n a|a      </marc:controlfield>
					<marc:datafield tag="040" ind1=" " ind2=" ">
						<marc:subfield code="a">Jaroslav Kunc</marc:subfield>
						<marc:subfield code="b">cze</marc:subfield>
						<marc:subfield code="c">ABA001</marc:subfield>
						<marc:subfield code="d">ABA001</marc:subfield>
					</marc:datafield>
					<marc:datafield tag="100" ind1="1" ind2=" ">
						<marc:subfield code="a">Absolon, Karel,</marc:subfield>
						<marc:subfield code="d">1877-1960</marc:subfield>
						<marc:subfield code="7">jk01010005</marc:subfield>
					</marc:datafield>
					<marc:datafield tag="670" ind1=" " ind2=" ">
						<marc:subfield code="a">PNP-LA</marc:subfield>
					</marc:datafield>
					<marc:datafield tag="670" ind1=" " ind2=" ">
						<marc:subfield code="a">Všeobecná encyklopedie v osmi svazcích: Diderot</marc:subfield>
						<marc:subfield code="b">datum narození</marc:subfield>
					</marc:datafield>
					<marc:datafield tag="678" ind1="0" ind2=" ">
						<marc:subfield code="a">Narozen 16.6.1877 v Boskovicích, zemřel 6.10.1960 v Brně. PhDr., profesor geografie, antropolog, archeolog, speleolog, publikace v oboru.</marc:subfield>
					</marc:datafield>
					<marc:datafield tag="906" ind1=" " ind2=" ">
						<marc:subfield code="a">im19980101</marc:subfield>
					</marc:datafield>
					<marc:datafield tag="906" ind1=" " ind2=" ">
						<marc:subfield code="a">oz20021219</marc:subfield>
						<marc:subfield code="b">jazi</marc:subfield>
						<marc:subfield code="c">Záhlaví - data; Biografická poznámka - oprava</marc:subfield>
					</marc:datafield>
					<marc:datafield tag="909" ind1=" " ind2=" ">
						<marc:subfield code="a">CZ</marc:subfield>
					</marc:datafield>
					<marc:datafield tag="950" ind1="0" ind2=" ">
						<marc:subfield code="a">definitivní</marc:subfield>
					</marc:datafield>
					<marc:datafield tag="991" ind1="0" ind2=" ">
						<marc:subfield code="a">Absolon, Karel,</marc:subfield>
						<marc:subfield code="d">1887-1960</marc:subfield>
					</marc:datafield>
					<marc:datafield tag="998" ind1=" " ind2=" ">
						<marc:subfield code="a">http://aleph.nkp.cz/F/?func=direct&amp;doc_number=000000005&amp;local_base=AUT</marc:subfield>
					</marc:datafield>
				</marc:record>
			</metadata>
		</record>
	</ListRecords>
</OAI-PMH> 